%% All references need to be complete and consistent!
%% All references should have a list of authors and a title and then the details of the publication e.g. for a conference publication: the complete name of the proceedings, the page numbers, the location of the conference and the date; for a journal: the complete name of the journal, the volume and issue, the page numbers and the date of the publication; for a web page: the link and the date when this page was last visited.

@book{innovators,
	author = {Walter Isaacson},
	title = {The Innovators: How a Group of Hackers, Geniuses and Geeks Created the Digital Revolution},
	year = {2014},
	publisher = {Simon and Schuster},
	isbn = {978-1-47113-879-9},
	chapter = {11},
}

@book{the-wiki-way,
	author = {Leuf Bo, Cunningham Ward},
	title = {The Wiki Way: Quick Collaboration on the Web},
	year = {2001},
	isbn = {0-201-71499-X},
	publisher = {Addison-Wesley Longman Publishing Co., Inc.},
	address = {Boston, MA, USA},
} 

@book{cs-encyclopedia,
	author = {Henderson, Harry},
	title = {Encyclopedia of Computer Science and Technology},
	year = {2008},
	isbn = {0816063826},
	publisher = {FACTS ON FILE},
} 

@book{wiki-revolution,
	author = {Andrew Lih},
	title = {The Wikipedia Revolution: How A Bunch of Nobodies Created The World's Greatest Encyclopedia},
	year = {2009},
	publisher = {Aurum Press UK},
	isbn = {	978-1-4013-0371-6},
}

@Misc{wiki-wikipedia,
	author = {Wikipedia},
	title = {Wikipedia},
	urldate = {2019-10-11},
	year = {2019},
	month = {October},
	day = {11th},
	url = {https://en.wikipedia.org/wiki/Wikipedia},
}

@Misc{wiki-cunningham,
	author = {Wikipedia},
	title = {Ward {Cunningham}},
	urldate = {2019-10-11},
	year = {2019},
	month = {October},
	day = {11th},
	url = {https://en.wikipedia.org/wiki/Ward_Cunningham},
}
@Misc{wiki-community,
	author = {Wikipedia},
	title = {Wikipedia community},
	urldate = {2019-10-13},
	year = {2019},
	month = {October},
	day = {13th},
	url = {https://en.wikipedia.org/wiki/Wikipedia_community},
}

@Misc{agile-manifesto,
	author = {The Agile Alliance},
	title = {Manifesto for {Agile Software Development}},
	urldate = {2019-10-11},
	year = {2019},
	month = {October},
	day = {11th},
	url = {https://agilemanifesto.org},
}

@misc{hp-agile-report,
	author = { HP report (2015)},
	title = {Agile is the new normal: Adopting Agile project management},
	month ={May},
	year = {2015},
	titleaddon = {4AA5-7619-ENW},
}

@misc{pmi-agile-report,
	author = { Project Management Institute},
	title = {9th Global Project Management Survey},
	year = {2017},
}

@misc{state-of-agile-report,
	author = {CollabNet VersionOne},
	title = {13th annual State of Agile report},
	year = {2019},
}

@misc{rebellabse-report,
	author = {Rebellabs},
	title = {REBELLABS DEVELOPER PRODUCTIVITY REPORT},
	year = {2017},
}

@Misc{c2-wiki,
	author = {C2 Wiki},
	title = {Wiki Hisotry},
	urldate = {2019-10-15},
	year = {2019},
	month = {October},
	day = {15th},
	url = {http://wiki.c2.com/?WikiHistory},
}


